
@online{noauthor_soc_nodate,
	title = {{SoC} management strategies in Battery Energy Storage System providing Primary Control Reserve - {ScienceDirect}},
	url = {https://www.sciencedirect.com/science/article/pii/S2352467718304375?via%3Dihub},
	urldate = {2024-02-19},
	file = {SoC management strategies in Battery Energy Storage System providing Primary Control Reserve - ScienceDirect:C\:\\Users\\user\\Zotero\\storage\\5N8MI9IM\\S2352467718304375.html:text/html},
}

@article{mantar_gundogdu_battery_2018,
	title = {A Battery Energy Management Strategy for U.K. Enhanced Frequency Response and Triad Avoidance},
	volume = {65},
	abstract = {This paper describes a control algorithm for a battery energy storage system ({BESS}) to deliver a charge/discharge power output in response to changes in the grid frequency constrained by the National Grid Electricity Transmission ({NGET})—the primary electricity transmission network operator in the U.K.—while managing the state of charge of the {BESS} to optimize the availability of the system. Furthermore, this paper investigates using the {BESS} in order to maximize triad avoidance beneﬁt revenues while layering other services. Simulation using a 2 {MW}/1 {MWh} lithium–titanate {BESS} validated model is carried out to explore possible scenarios using the proposed algorithms. Finally, experimental results of the 2 {MW}/1 {MWh} Willenhall Energy Storage System verify the performance of the proposed algorithms.},
	pages = {9509--9517},
	number = {12},
	journaltitle = {{IEEE} Transactions on Industrial Electronics},
	shortjournal = {{IEEE} Trans. Ind. Electron.},
	author = {Mantar Gundogdu, Burcu and Nejad, Shahab and Gladwin, Daniel Thomas and Foster, Martin P. and Stone, David A.},
	date = {2018-12},
	langid = {english},
}

@article{boxleitner_virtuelle_2009,
	title = {{VIRTUELLE} {SCHWUNGMASSE}},
	abstract = {Die Versorgung mit elektrischer Energie ist für viele Menschen heute zur Selbstverständlichkeit geworden. Jedoch entstehen, durch den immer größer werdenden Verbrauch an elektrischer Energie, die Einbindung von umrichtergekoppelten Erzeugungsanlagen, sowie die Anbindung von Anlagen mit dargebotsabhängiger Einspeisung, Probleme, welche die Qualität der Netzdienstleistung beeinflussen. In traditionellen Erzeugungsanlagen wie etwa Wasserkraftwerken wird die Trägheit der Turbinen-Generator-Anordnung ausgenutzt, um die Frequenzelastizität zu verkleinern. Viele neue, regenerative Systeme zur Erzeugung von elektrischer Energie (z.B. {PhotovoltaikSysteme}, Windenergieanlagen, etc.) werden mit Hilfe von leistungselektronischen Umrichterschaltungen mit dem Netz gekoppelt und bieten so keine Möglichkeit, mechanische Schwungmassen einzusetzen. Dieses Paper beschäftigt sich mit einem Konzept, das eine funktionale Erweiterung der leistungselektronisch angebundenen Erzeugungsanlagen darstellt, damit auch diese ihren Beitrag zur Frequenzstabilisierung leisten. Aufgrund des mechanischen Pendants werden diese Systeme als „Virtuelle Schwungmassen“ bezeichnet.},
	author = {Boxleitner, Martin and Brauner, Günther},
	date = {2009},
	langid = {german},
	file = {Boxleitner und Brauner - 2009 - VIRTUELLE SCHWUNGMASSE.pdf:C\:\\Users\\user\\Zotero\\storage\\8TKK2XA9\\Boxleitner und Brauner - 2009 - VIRTUELLE SCHWUNGMASSE.pdf:application/pdf},
}

@phdthesis{Itschner,
  author      = {Itschner, Harald},
  school      = {Karlsruher Institut für Technologie},
  title       = {Entwicklung von Modellen zur speichergestützten Versorgung mit erneuerbaren Energien in Inselnetzen},
  year        = {2020}
}

@article{marchgraber_modellierung_2019,
	title = {Modellierung und Simulation von Batteriespeichern bei der Erbringung von Primärregelleistung},
	volume = {136},
	issn = {0932-383X, 1613-7620},
	url = {http://link.springer.com/10.1007/s00502-019-0704-1},
	doi = {10.1007/s00502-019-0704-1},
	pages = {3--11},
	number = {1},
	journaltitle = {e \& i Elektrotechnik und Informationstechnik},
	shortjournal = {Elektrotech. Inftech.},
	author = {Marchgraber, Jürgen and Gawlik, Wolfgang and Alács, Christian},
	urldate = {2024-03-04},
	date = {2019-02},
	langid = {german},
	file = {Marchgraber et al. - 2019 - Modellierung und Simulation von Batteriespeichern .pdf:C\:\\Users\\user\\Zotero\\storage\\BHB3N6H9\\Marchgraber et al. - 2019 - Modellierung und Simulation von Batteriespeichern .pdf:application/pdf},
}

@article{cronenberg_beschreibung_nodate,
	title = {Beschreibung von Konzepten des Systemausgleichs und der Regelreservemärkte in Deutschland},
	author = {Cronenberg, Andreas},
	langid = {german},
	file = {Cronenberg - Beschreibung von Konzepten des Systemausgleichs un.pdf:C\:\\Users\\user\\Zotero\\storage\\ZKQM8KNV\\Cronenberg - Beschreibung von Konzepten des Systemausgleichs un.pdf:application/pdf},
}

@inproceedings{keil2012aufbau,
  title={Aufbau und parametrierung von batteriemodellen},
  author={Keil, Peter and Jossen, Andreas},
  booktitle={19. DESIGN\&ELEKTRONIK-Entwicklerforum Batterien \& Ladekonzepte},
  year={2012}
}